% Encoding: UTF-8

@Misc{wiki:Probabilisticprogramminglanguage,
  author = {{Wikipedia contributors}},
  title  = {Probabilistic programming language --- {Wikipedia}{,} The Free Encyclopedia},
  year   = {2018},
  note   = {[Online; accessed 23-August-2018]},
  url    = {https://en.wikipedia.org/w/index.php?title=Probabilistic_programming_language&oldid=840447199},
}

@Misc{Hardesty2015,
  author = {Larry Hardesty},
  title  = {Probabilistic programming does in 50 lines of code what used to take thousands},
  month  = apr,
  year   = {2015},
  note   = {[Online; accessed 23-August-2018]},
  url    = {https://phys.org/news/2015-04-probabilistic-lines-code-thousands.html},
}

@Misc{probabilistic-programming.org,
  title = {probabilistic-programming.org},
  note  = {[Online; accessed 23-August-2018]},
  url   = {http://probabilistic-programming.org/wiki/Home},
}

@Book{9781617292330,
  title     = {Practical Probabilistic Programming},
  publisher = {Manning Publications},
  year      = {2016},
  author    = {Avi Pfeffer},
  isbn      = {9781617292330},
  url       = {https://www.amazon.com/Practical-Probabilistic-Programming-Avi-Pfeffer/dp/1617292338?SubscriptionId=AKIAIOBINVZYXZQZ2U3A&tag=chimbori05-20&linkCode=xm2&camp=2025&creative=165953&creativeASIN=1617292338},
}

@Article{Wang2018,
  author    = {Chong Wang and David M. Blei},
  title     = {A General Method for Robust Bayesian Modeling},
  journal   = {Bayesian Analysis},
  year      = {2018},
  month     = {jan},
  doi       = {10.1214/17-ba1090},
  publisher = {Institute of Mathematical Statistics},
  url       = {https://doi.org/10.1214/17-ba1090},
}

@phdthesis{stuhlmuller2015modeling,
  title={Modeling cognition with probabilistic programs: representations and algorithms},
  author={Stuhlm{\"u}ller, Andreas},
  year={2015},
  school={Massachusetts Institute of Technology}
}
@Comment{jabref-meta: databaseType:bibtex;}
