% Encoding: UTF-8

@Misc{wiki:Probabilisticprogramminglanguage,
  author = {{Wikipedia contributors}},
  title  = {Probabilistic programming language --- {Wikipedia}{,} The Free Encyclopedia},
  year   = {2018},
  note   = {[Online; accessed 23-August-2018]},
  url    = {https://en.wikipedia.org/w/index.php?title=Probabilistic_programming_language&oldid=840447199},
}

@Comment{jabref-meta: databaseType:bibtex;}
